<?xml version="1.0" encoding="UTF-8"?><collection xmlns="http://www.loc.gov/MARC21/slim"><record><leader>00491nam--2200145-i-4500</leader><controlfield tag="001">000023232</controlfield><controlfield tag="002">20161230</controlfield><controlfield tag="005">20161230201034</controlfield><controlfield tag="008">060222s1000------------r-----000-0-eng-d</controlfield><datafield ind1=" " ind2=" " tag="100"><subfield code="a">Jazwinski, Andrew H</subfield></datafield><datafield ind1=" " ind2=" " tag="245"><subfield code="a">Stochastic processes and filtering theory</subfield></datafield><datafield ind1=" " ind2=" " tag="260"><subfield code="a">New York, Academic Press, 1970, Xiv + 376p</subfield></datafield><datafield ind1=" " ind2=" " tag="490"><subfield code="a">Mathematics In Science And Engineering. A Series Of Monographs And Textbooks. Edited By Richard Bellman</subfield><subfield code="v">vol. 64</subfield></datafield><datafield ind1=" " ind2=" " tag="852"><subfield code="a">17315</subfield></datafield><datafield ind1=" " ind2=" " tag="CAT"><subfield code="a">Sys</subfield><subfield code="c">20080404</subfield><subfield code="h">114143</subfield></datafield></record></collection>